@article{Antoni:2003gd,
     author    = "Antoni, T. and others",
     collaboration = "KASCADE",
     title     = "{The Cosmic ray experiment KASCADE}",
     journal   = "Nucl. Instrum. Meth.",
     volume    = "A513",
     year      = "2003",
     pages     = "490-510",
     doi       = "10.1016/S0168-9002(03)02076-X",
     SLACcitation  = "%%CITATION = NUIMA,A513,490;%%"
}

@manual{Sciutto:1999,
      author         = "Sciutto, S.J.",
      title          = "{AIRES}: A System for air shower simulations. User's guide and reference manual. Version 2.2.0",
      year           = "1999",
      eprint         = "astro-ph/9911331",
      archivePrefix  = "arXiv",
      primaryClass   = "astro-ph",
}

@article{Knapp:2002,
      author         = "Knapp, J. and Heck, D. and Sciutto, S.J. and Dova, M.T.
                        and Risse, M.",
      title          = "{Extensive air shower simulations at the highest
                        energies}",
      journal        = "Astropart.Phys.",
      volume         = "19",
      pages          = "77-99",
      doi            = "10.1016/S0927-6505(02)00187-1",
      year           = "2003",
      eprint         = "astro-ph/0206414",
      archivePrefix  = "arXiv",
      primaryClass   = "astro-ph",
}

@unpublished{Steijger:2010-time,
    author = "Jos Steijger",
    title = "",
    howpublished = "HiSPARC Internal note",
    year = "2010",
    month = "Oct",
}

@unpublished{Steijger:2010-firsthit,
    author = "Jos Steijger",
    title = "Time of first hit",
    howpublished = "HiSPARC Internal note",
    year = "2010",
    month = "Aug",
}

@unpublished{Steijger:2010-transmission,
    author = "Jos Steijger",
    title = "",
    howpublished = "HiSPARC Internal note",
    year = "2010",
    month = "Jan",
}

@incollection{Pennink:2010,
    author = "Dorrith Pennink",
    title = "Analyse van het pulshoogte histogram",
    booktitle = "FOM verslag LIO's 2009 -- 2010",
    publisher = "FOM",
    year = "2010",
}

@incollection{Bosboom:2011,
    author = "Niels Bosboom",
    title = "Richting reconstructie van showers in de Science Park cluster",
    booktitle = "FOM verslag LIO's 2010 -- 2011",
    publisher = "FOM",
    year = "2011",
}

@article{Badea:2004un,
      author         = "Badea, A. and others",
      title          = "{The KASCADE-Grande experiment and the LOPES project}",
      collaboration  = "The KASCADE-Grande Collaboration and the LOPES
                        Collaboration",
      journal        = "Nucl.Phys.Proc.Suppl.",
      volume         = "136",
      pages          = "384-389",
      doi            = "10.1016/j.nuclphysbps.2004.10.038",
      year           = "2004",
      eprint         = "astro-ph/0409319",
      archivePrefix  = "arXiv",
      primaryClass   = "astro-ph",
}

@inproceedings{Iori:2009,
    author = "M. Iori and J. Russ and H. Denizli and F. Ferrarotto and M. Kaya and A. Yilmaz",
    title = "Test Results of a New Concept of an {EAS} Detector for {UHE} Neutrinos",
    booktitle = "Proceedings of the 31${\rm st}$ ICRC",
    address = "Łódź",
    year = "2009",
}

@article{Antoni:2000mg,
      author         = "Antoni, T. and others",
      title          = "{Electron, muon, and hadron lateral distributions
                        measured in air-showers by the KASCADE experiment}",
      collaboration  = "KASCADE Collaboration",
      journal        = "Astropart.Phys.",
      volume         = "14",
      pages          = "245-260",
      doi            = "10.1016/S0927-6505(00)00125-0",
      year           = "2001",
      eprint         = "astro-ph/0004233",
      archivePrefix  = "arXiv",
      primaryClass   = "astro-ph",
}

@misc{Schieler:2010-clock,
    author = "Harald Schieler",
    howpublished = "Private communication",
    month = "Dec",
    year = "2010",
}

@INPROCEEDINGS{1991ICRC....2..712M,
   author = {{Meyhandan}, R. and others},
    title = "{EAS Direction Re-Analysis with Shower Front Curvature}",
booktitle = {International Cosmic Ray Conference},
     year = 1991,
   series = {International Cosmic Ray Conference},
   volume = 2,
    month = aug,
    pages = {712-+},
   adsurl = {http://adsabs.harvard.edu/abs/1991ICRC....2..712M},
  adsnote = {Provided by the SAO/NASA Astrophysics Data System}
}

@Misc{PyTables,
  author =    {Francesc Alted and Ivan Vilata and others},
  title =     {{PyTables}: Hierarchical Datasets in {Python}},
  year =      {2002--},
  url = "http://www.pytables.org/"
}

@article{Lacy:1994,
    author = "Lacy, J.H. and others",
    title = {Detection of absorption by {H$_2$} in molecular clouds: a direct measurement of the {H$_2$:CO} ratio},
    journal = "Astrophysical Journal",
    volume = 428,
    year = 1994,
    pages = {69--72},
}

@article{Glover:2011,
        Author = {Glover, S. C. O. and Low, M.-M. Mac},
        Doi = {10.1111/j.1365-2966.2010.17907.x},
        Issn = {1365-2966},
        Journal = {Monthly Notices of the Royal Astronomical Society},
        Keywords = {molecular processes, ISM: clouds, ISM: molecules, galaxies: ISM},
        Number = {1},
        Pages = {337--350},
        Publisher = {Blackwell Publishing Ltd},
        Title = {On the relationship between molecular hydrogen and carbon monoxide abundances in molecular clouds},
        Url = {http://dx.doi.org/10.1111/j.1365-2966.2010.17907.x},
        Volume = {412},
        Year = {2011},
}

@article{Takeda:2003,
title = "Energy determination in the Akeno Giant Air Shower Array experiment",
journal = "Astroparticle Physics",
volume = "19",
number = "4",
pages = "447-462",
year = "2003",
note = "",
issn = "0927-6505",
doi = "10.1016/S0927-6505(02)00243-8",
url = "http://www.sciencedirect.com/science/article/pii/S0927650502002438",
author = "M. Takeda and N. Sakaki and K. Honda and others",
keywords = "Extensive air showers",
keywords = "Ultra high energy cosmic rays",
keywords = "Energy determination"
}

@article{Apel:2009,
title = "Energy spectra of elemental groups of cosmic rays: Update on the KASCADE unfolding analysis",
journal = "Astroparticle Physics",
volume = "31",
number = "2",
pages = "86-91",
year = "2009",
note = "",
issn = "0927-6505",
doi = "10.1016/j.astropartphys.2008.11.008",
url = "http://www.sciencedirect.com/science/article/pii/S0927650508001783",
author = "W.D. Apel and others",
keywords = "Cosmic ray energy spectrum",
keywords = "Cosmic ray composition",
keywords = "The knee",
keywords = "KASCADE",
keywords = "Hadronic interaction models",
keywords = "FLUKA",
keywords = "GHEISHA"
}

@article{Abraham:2010,
      author         = "Abraham, J. and others",
      title          = "{Measurement of the energy spectrum of cosmic rays above
                        $10^{18}$ eV using the Pierre Auger Observatory}",
      collaboration  = "The Pierre Auger Collaboration",
      journal        = "Phys.Lett.",
      volume         = "B685",
      pages          = "239-246",
      doi            = "10.1016/j.physletb.2010.02.013",
      year           = "2010",
      eprint         = "1002.1975",
      archivePrefix  = "arXiv",
      primaryClass   = "astro-ph.HE",
}

@article{Bird:1993,
  month = {Nov},
  url = {http://link.aps.org/doi/10.1103/PhysRevLett.71.3401},
  publisher = {American Physical Society},
  author = {Bird, D. J. and others},
  title = {Evidence for correlated changes in the spectrum and composition of cosmic rays at extremely high energies},
  year = {1993},
  pages = {3401--3404},
  journal = {Phys. Rev. Lett.},
  volume = {71},
  doi = {10.1103/PhysRevLett.71.3401},
  issue = {21}
}

@article{Boyle:2008,
title = "Cosmic ray composition at high energies: The {TRACER} project",
journal = "Advances in Space Research",
volume = "42",
number = "3",
pages = "409-416",
year = "2008",
note = "",
issn = "0273-1177",
doi = "10.1016/j.asr.2007.03.063",
url = "http://www.sciencedirect.com/science/article/pii/S0273117707003006",
author = "P.J. Boyle",
keywords = "Cosmic rays",
keywords = "Abundances",
keywords = "Particle acceleration"
}

@ARTICLE{George:2009,
   author = {{George}, J.~S. and {Lave}, K.~A. and {Wiedenbeck}, M.~E. and others},
    title = "{Elemental Composition and Energy Spectra of Galactic Cosmic Rays During Solar Cycle 23}",
  journal = {Astroph. J.},
 keywords = {cosmic rays, Galaxy: abundances, Sun: activity},
     year = 2009,
    month = jun,
   volume = 698,
    pages = {1666-1681},
      doi = {10.1088/0004-637X/698/2/1666},
   adsurl = {http://adsabs.harvard.edu/abs/2009ApJ...698.1666G},
  adsnote = {Provided by the SAO/NASA Astrophysics Data System}
}

@book{Grupen:2005,
  title={Astroparticle physics},
  author={Grupen, C.},
  isbn={9783540253129},
  lccn={2005924544},
  %url={http://books.google.com/books?id=wlVGJ4X1BKkC},
  year={2005},
  publisher={Springer}
}

@inproceedings{Lodders:2009,
   author = {{Lodders}, K. and {Palme}, H. and {Gail}, H.-P.},
    title = "{Abundances of the Elements in the Solar System}",
 keywords = {solar abundances, solar system abundances,  condensation temperatures},
booktitle = {Landolt-B{\"o}rnstein - Group VI Astronomy and Astrophysics
Numerical Data and Functional Relationships in Science and Technology
Volume 	4B: Solar System.},
     year = 2009,
archivePrefix = "arXiv",
   eprint = {0901.1149},
 primaryClass = "astro-ph.EP",
   editor = "{J.~E.~Tr{\"u}mper}",
    pages = {44-+},
      doi = {10.1007/978-3-540-88055-4_34},
   adsurl = {http://adsabs.harvard.edu/abs/2009LanB...4B...44L},
  adsnote = {Provided by the SAO/NASA Astrophysics Data System}
}

@article{Wang:2002,
  author={J. Z. Wang and E. S. Seo and others},
  title={Measurement of Cosmic-Ray Hydrogen and Helium and Their Isotopic Composition with the BESS Experiment},
  journal={The Astrophysical Journal},
  volume={564},
  number={1},
  pages={244},
  url={http://stacks.iop.org/0004-637X/564/i=1/a=244},
  year={2002},
  abstract={The cosmic-ray hydrogen and helium spectra have been measured by the Balloon Borne Experiment with a Superconducting Solenoid Spectrometer (BESS), which has been flown from Lynn Lake, Manitoba, Canada, annually since 1993. The BESS experiment provides excellent rigidity measurement and precise particle identification with a large geometric acceptance. We present here the hydrogen and helium nuclei energy spectra from 0.2 to 10 GeV nucleon -1 and their isotopic composition from 0.2 to about 1 GeV nucleon -1 for the first BESS flight. This provides the first simultaneous measurements of the cosmic-ray secondaries, deuterons, and 3 He, with their primaries, protons, and 4 He over this energy range in a period of solar minimum. In this paper, we have achieved significant improvements in data analysis in the following aspects. First, the latest available cross-section data and their parameterizations were utilized in the simulation code developed for this study. Second, a complete simulation was performed for both protons and heavy ions: the δ-ray effect was properly simulated and showed a large influence on the measurement of heavy ions at high energies. Third, the secondary particle correction, which dominates the systematic uncertainty at low energies for singly charged particles, protons and deuterons, was calculated iteratively with the simultaneously measured primary cosmic-ray spectra. In general, the results of this experiment are consistent with other recent measurements using balloon-borne or satellite experiments, but with better precision. The measured spectra of protons, deuterons, 3 He, and 4 He and their corresponding ratios are compared with different interstellar/heliospheric propagation calculations, which were derived to fit observations of heavy nuclei. The overall good agreement indicates that the propagation history for light cosmic-ray elements, protons, deuterons, and helium nuclei is similar to that of the heavy nuclei. The 2 H/ 1 H ratio is sensitive to the propagation models, and our results show a tendency of better agreement with the reacceleration model than the standard leaky-box model.}
}

@article{deNolfo:2006,
title = "Observations of the {Li}, {Be}, and {B} isotopes and constraints on cosmic-ray propagation",
journal = "Advances in Space Research",
volume = "38",
number = "7",
pages = "1558-1564",
year = "2006",
%note = "<ce:title>Galactic and Extragalactic Astrophysics</ce:title>",
issn = "0273-1177",
doi = "10.1016/j.asr.2006.09.008",
url = "http://www.sciencedirect.com/science/article/pii/S0273117706004947",
author = "G.A. de Nolfo and I.V. Moskalenko and others",
keywords = "Cosmic rays",
keywords = "Galaxygeneral",
keywords = "Galaxyabundances",
keywords = "Galaxyevolution",
keywords = "ISMgeneral"
}

@article{Smoot:1975,
  month = {Jul},
  url = {http://link.aps.org/doi/10.1103/PhysRevLett.35.258},
  publisher = {American Physical Society},
  author = {Smoot, G. F. and Buffington, A. and Orth, C. D.},
  title = {Search for Cosmic-Ray Antimatter},
  year = {1975},
  pages = {258--261},
  journal = {Phys. Rev. Lett.},
  volume = {35},
  doi = {10.1103/PhysRevLett.35.258},
  issue = {4}
}

@article{Picozza:2003,
  author={Piergiorgio Picozza and Aldo Morselli},
  title={Antimatter research in space},
  journal={Journal of Physics G: Nuclear and Particle Physics},
  volume={29},
  number={5},
  pages={903},
  url={http://stacks.iop.org/0954-3899/29/i=5/a=311},
  year={2003},
  abstract={Two of the most compelling issues facing astrophysics and cosmology today are to understand the nature of the dark matter that pervades the universe and to understand the apparent absence of cosmological antimatter. For both issues, sensitive measurements of cosmic-ray antiprotons and positrons, in a wide energy range, are crucial. Many different mechanisms can contribute to antiprotons and positrons production, ranging from conventional reactions such as p + p → p + IMG [http://ej.iop.org/icons/Entities/barp.gif] {bar p} + anything up to exotic processes such as neutralino annihilation. The open problems are so fundamental (i.e., is the universe symmetric in matter and antimatter?) that experiments in this field will probably be of the greatest interest in the next years. Here we will summarize the present situation, showing the different hypothesis and models and the experimental measurements needed to lead to a more established scenario.}
}

@article {Nagashima:1989,
   author = {Nagashima, K. and Sakakibara, S. and Murakami, K. and Morishita, I.},
   affiliation = {Cosmic-Ray Research Laboratory, Nagoya University Chikusa-ku 464-01 Nagoya Japan},
   title = {Response and yield functions of neutron monitor, galactic cosmic-ray spectrum and its solar modulation, derived from all the available world-wide surveys},
   journal = {Il Nuovo Cimento C},
   publisher = {Italian Physical Society},
   issn = {1124-1896},
   keyword = {Journals},
   pages = {173-209},
   volume = {12},
   issue = {2},
   url = {http://dx.doi.org/10.1007/BF02523790},
   doi = {10.1007/BF02523790},
   year = {1989}
}

@article{Cronin:1997,
      author         = "Cronin, J.W. and Swordy, S.P. and Gaisser, T.K.",
      title          = "{Cosmic rays at the energy frontier}",
      journal        = "Sci.Am.",
      volume         = "276",
      pages          = "32-37",
      year           = "1997",
}

@article{Hoerandel:2004,
title = "Models of the knee in the energy spectrum of cosmic rays",
journal = "Astroparticle Physics",
volume = "21",
number = "3",
pages = "241-265",
year = "2004",
note = "",
issn = "0927-6505",
doi = "10.1016/j.astropartphys.2004.01.004",
url = "http://www.sciencedirect.com/science/article/pii/S0927650504000209",
author = "Jörg R. Hörandel",
keywords = "Cosmic rays",
keywords = "Acceleration",
keywords = "Propagation",
keywords = "Energy spectrum",
keywords = "Knee",
keywords = "Mass composition"
}

@online{dispute-fluorescence,
    title = "History of the Air Fluorescence Technique",
    author = "{Telescope Array Project}",
    year = 2006,
    url = "http://www.telescopearray.org/outreach/history.html",
}

@ARTICLE{Gerasimova:1960,
author={Gerasimova, N.M. and Zatsepin, G.T.},
title={Disintegration of cosmic ray nuclei by solar photons},
journal={Sov. Phys. JETP},
year={1960},
volume={11},
pages={899-904},
%note={cited By (since 1996) 19},
source={Scopus},
}

@article{MedinaTanco1999,
title = "The photodisintegration of cosmic ray nuclei by solar photons:
the Gerasimova-Zatsepin effect revisited",
journal = "Astroparticle Physics",
volume = "10",
number = "2-3",
pages = "157-164",
year = "1999",
note = "",
issn = "0927-6505",
doi = "10.1016/S0927-6505(98)00056-5",
url =
"http://www.sciencedirect.com/science/article/pii/S0927650598000565",
author = "Gustavo A. Medina-Tanco and Alan A. Watson",
keywords = "Cosmic rays",
keywords = "Interplanetary magnetic field",
keywords = "Photodisintegration",
keywords = "Extensive air showers"
}

@article{Lafebre:2008,
        author = {S. Laf\`ebre and H. Falcke and J. H\"orandel and
                  J. Kuijpers},
        encoding = {tex},
        title = {Prospects for direct cosmic ray mass measurements through
                 the~Gerasimova-Zatsepin effect},
        DOI= "10.1051/0004-6361:200809468",
        url= "http://dx.doi.org/10.1051/0004-6361:200809468",
        journal = {A\&A},
        year = 2008,
        volume = 485,
        number = 1,
        pages = "1-4",
        month = "",
}

@article{Abreu:2010,
title = "Update on the correlation of the highest energy cosmic rays with nearby extragalactic matter",
journal = "Astroparticle Physics",
volume = "34",
number = "5",
pages = "314-326",
year = "2010",
note = "",
issn = "0927-6505",
doi = "10.1016/j.astropartphys.2010.08.010",
url = "http://www.sciencedirect.com/science/article/pii/S0927650510001696",
author = "P. Abreu and M. Aglietta and E.J. Ahn and D. Allard and I. Allekotte and J. Allen and J. Alvarez Castillo and J. Alvarez-Muñiz and M. Ambrosio and A. Aminaei and L. Anchordoqui and S. Andringa and T. Antičić and A. Anzalone and C. Aramo and E. Arganda and K. Arisaka and F. Arqueros and H. Asorey and P. Assis and J. Aublin and M. Ave and M. Avenier and G. Avila and T. Bäcker and D. Badagnani and M. Balzer and K.B. Barber and A.F. Barbosa and R. Bardenet and S.L.C. Barroso and B. Baughman and J.J. Beatty and B.R. Becker and K.H. Becker and A. Bellétoile and J.A. Bellido and C. Berat and T. Bergmann and X. Bertou and P.L. Biermann and P. Billoir and F. Blanco and M. Blanco and C. Bleve and H. Blümer and M. Boháčová and D. Boncioli and C. Bonifazi and R. Bonino and N. Borodai and J. Brack and P. Brogueira and W.C. Brown and R. Bruijn and P. Buchholz and A. Bueno and R.E. Burton and N.G. Busca and K.S. Caballero-Mora and L. Caramete and R. Caruso and A. Castellina and O. Catalano and G. Cataldi and L. Cazon and R. Cester and J. Chauvin and A. Chiavassa and J.A. Chinellato and A. Chou and J. Chudoba and R.W. Clay and E. Colombo and M.R. Coluccia and R. Conceição and F. Contreras and H. Cook and M.J. Cooper and J. Coppens and A. Cordier and U. Cotti and S. Coutu and C.E. Covault and A. Creusot and A. Criss and J. Cronin and A. Curutiu and S. Dagoret-Campagne and R. Dallier and S. Dasso and K. Daumiller and B.R. Dawson and R.M. de Almeida and M. De Domenico and C. De Donato and S.J. de Jong and G. De La Vega and W.J.M. de Mello Junior and J.R.T. de Mello Neto and I. De Mitri and V. de Souza and K.D. de Vries and G. Decerprit and L. del Peral and O. Deligny and A. Della Selva and H. Dembinski and A. Denkiewicz and C. Di Giulio and J.C. Diaz and M.L. Díaz Castro and P.N. Diep and C. Dobrigkeit and J.C. D’Olivo and P.N. Dong and A. Dorofeev and J.C. dos Anjos and M.T. Dova and D. D’Urso and I. Dutan and J. Ebr and R. Engel and M. Erdmann and C.O. Escobar and A. Etchegoyen and P. Facal San Luis and H. Falcke and G. Farrar and A.C. Fauth and N. Fazzini and A.P. Ferguson and A. Ferrero and B. Fick and A. Filevich and A. Filipčič and I. Fleck and S. Fliescher and C.E. Fracchiolla and E.D. Fraenkel and U. Fröhlich and B. Fuchs and W. Fulgione and R.F. Gamarra and S. Gambetta and B. García and D. García Gámez and D. Garcia-Pinto and X. Garrido and A. Gascon and G. Gelmini and H. Gemmeke and K. Gesterling and P.L. Ghia and U. Giaccari and M. Giller and H. Glass and M.S. Gold and G. Golup and F. Gomez Albarracin and M. Gómez Berisso and P. Gonçalves and D. Gonzalez and J.G. Gonzalez and B. Gookin and D. Góra and A. Gorgi and P. Gouffon and S.R. Gozzini and E. Grashorn and S. Grebe and M. Grigat and A.F. Grillo and Y. Guardincerri and F. Guarino and G.P. Guedes and J.D. Hague and P. Hansen and D. Harari and S. Harmsma and J.L. Harton and A. Haungs and T. Hebbeker and D. Heck and A.E. Herve and C. Hojvat and V.C. Holmes and P. Homola and J.R. Hörandel and A. Horneffer and M. Hrabovský and T. Huege and A. Insolia and F. Ionita and A. Italiano and S. Jiraskova and K. Kadija and M. Kaducak and K.H. Kampert and P. Karhan and T. Karova and P. Kasper and B. Kégl and B. Keilhauer and A. Keivani and J.L. Kelley and E. Kemp and R.M. Kieckhafer and H.O. Klages and M. Kleifges and J. Kleinfeller and J. Knapp and D.-H. Koang and K. Kotera and N. Krohm and O. Krömer and D. Kruppke-Hansen and F. Kuehn and D. Kuempel and J.K. Kulbartz and N. Kunka and G. La Rosa and C. Lachaud and P. Lautridou and M.S.A.B. Leão and D. Lebrun and P. Lebrun and M.A. Leigui de Oliveira and A. Lemiere and A. Letessier-Selvon and I. Lhenry-Yvon and K. Link and R. López and A. Lopez Agüera and K. Louedec and J. Lozano Bahilo and A. Lucero and M. Ludwig and H. Lyberis and M.C. Maccarone and C. Macolino and S. Maldera and D. Mandat and P. Mantsch and A.G. Mariazzi and V. Marin and I.C. Maris and H.R. Marquez Falcon and G. Marsella and D. Martello and L. Martin and O. Martínez Bravo and H.J. Mathes and J. Matthews and J.A.J. Matthews and G. Matthiae and D. Maurizio and P.O. Mazur and M. McEwen and G. Medina-Tanco and M. Melissas and D. Melo and E. Menichetti and A. Menshikov and C. Meurer and S. Mičanović and M.I. Micheletti and W. Miller and L. Miramonti and S. Mollerach and M. Monasor and D. Monnier Ragaigne and F. Montanet and B. Morales and C. Morello and E. Moreno and J.C. Moreno and C. Morris and M. Mostafá and S. Mueller and M.A. Muller and M. Münchmeyer and R. Mussa and G. Navarra and J.L. Navarro and S. Navas and P. Necesal and L. Nellen and P.T. Nhung and N. Nierstenhoefer and D. Nitz and D. Nosek and L. Nožka and M. Nyklicek and J. Oehlschläger and A. Olinto and P. Oliva and V.M. Olmos-Gilbaja and M. Ortiz and N. Pacheco and D. Pakk Selmi-Dei and M. Palatka and J. Pallotta and N. Palmieri and G. Parente and E. Parizot and A. Parra and J. Parrisius and R.D. Parsons and S. Pastor and T. Paul and V. Pavlidou and K. Payet and M. Pech and J. Pe¸kala and R. Pelayo and I.M. Pepe and L. Perrone and R. Pesce and E. Petermann and S. Petrera and P. Petrinca and A. Petrolini and Y. Petrov and J. Petrovic and C. Pfendner and N. Phan and R. Piegaia and T. Pierog and M. Pimenta and V. Pirronello and M. Platino and V.H. Ponce and M. Pontz and P. Privitera and M. Prouza and E.J. Quel and J. Rautenberg and O. Ravel and D. Ravignani and B. Revenu and J. Ridky and S. Riggi and M. Risse and P. Ristori and H. Rivera and C. Rivière and V. Rizi and C. Robledo and G. Rodriguez and J. Rodriguez Martino and J. Rodriguez Rojo and I. Rodriguez-Cabo and M.D. Rodríguez-Frías and G. Ros and J. Rosado and T. Rossler and M. Roth and B. Rouillé-d’Orfeuil and E. Roulet and A.C. Rovero and F. Salamida and H. Salazar and G. Salina and F. Sánchez and M. Santander and C.E. Santo and E. Santos and E.M. Santos and F. Sarazin and S. Sarkar and R. Sato and N. Scharf and V. Scherini and H. Schieler and P. Schiffer and A. Schmidt and F. Schmidt and T. Schmidt and O. Scholten and H. Schoorlemmer and J. Schovancova and P. Schovánek and F. Schroeder and S. Schulte and F. Schüssler and D. Schuster and S.J. Sciutto and M. Scuderi and A. Segreto and M. Settimo and A. Shadkam and R.C. Shellard and I. Sidelnik and G. Sigl and A. Śmiałkowski and R. Šmída and G.R. Snow and P. Sommers and J. Sorokin and H. Spinka and R. Squartini and J. Stapleton and J. Stasielak and M. Stephan and E. Strazzeri and A. Stutz and F. Suarez and T. Suomijärvi and A.D. Supanitsky and T. Šuša and M.S. Sutherland and J. Swain and Z. Szadkowski and A. Tamashiro and A. Tapia and T. Tarutina and O. Taşcău and R. Tcaciuc and D. Tcherniakhovski and D. Tegolo and N.T. Thao and D. Thomas and J. Tiffenberg and C. Timmermans and D.K. Tiwari and W. Tkaczyk and C.J. Todero Peixoto and B. Tomé and A. Tonachini and P. Travnicek and D.B. Tridapalli and G. Tristram and E. Trovato and M. Tueros and R. Ulrich and M. Unger and M. Urban and J.F. Valdés Galicia and I. Valiño and L. Valore and A.M. van den Berg and B. Vargas Cárdenas and J.R. Vázquez and R.A. Vázquez and D. Veberič and T. Venters and V. Verzi and M. Videla and L. Villaseñor and H. Wahlberg and P. Wahrlich and O. Wainberg and D. Warner and A.A. Watson and K. Weidenhaupt and A. Weindl and B.J. Whelan and G. Wieczorek and L. Wiencke and B. Wilczyńska and H. Wilczyński and M. Will and C. Williams and T. Winchen and L. Winders and M.G. Winnick and M. Wommer and B. Wundheiler and T. Yamamoto and P. Younk and G. Yuan and A. Yushkov and B. Zamorano and E. Zas and D. Zavrtanik and M. Zavrtanik and I. Zaw and A. Zepeda and M. Ziolkowski",
keywords = "Cosmic rays",
keywords = "UHECR",
keywords = "Anisotropy",
keywords = "Pierre Auger Observatory",
keywords = "Extra-galactic",
keywords = "GZK"
}

@article{Hillas:1984,
author = {Hillas, A M},
title = {The Origin of Ultra-High-Energy Cosmic Rays},
journal = {Annual Review of Astronomy and Astrophysics},
volume = {22},
number = {1},
pages = {425-444},
year = {1984},
doi = {10.1146/annurev.aa.22.090184.002233},

URL = {http://www.annualreviews.org/doi/abs/10.1146/annurev.aa.22.090184.002233},
eprint = {http://www.annualreviews.org/doi/pdf/10.1146/annurev.aa.22.090184.002233}
}

@book{Gaisser:1990,
    author = "Thomas K. Gaisser",
    title = "Cosmic Rays and Particle Physics",
    year = 1990,
    isbn = "0 521 33931 6",
    publisher = "Cambridge University Press",
}

@book{atmosphere:1976,
    author = "{United States Committee on Extension
               to the Standard Atmosphere (COESA)}",
    title = "U.S. Standard Atmosphere, 1976",
    year = 1976,
    publisher = "U.S. Government Printing Office",
    url = "http://ntrs.nasa.gov/archive/nasa/casi.ntrs.nasa.gov/19770009539_1977009539.pdf",
}

@book{Stanev:2004,
    author = "Todor Stanev",
    title = "High Energy Cosmic Rays",
    year = 2004,
    publisher = "Springer-Praxis",
    isbn = "3 540 40653 0",
}

@article{Rossi:1941,
  volume = {13},
  month = {Oct},
  author = {Rossi, Bruno and Greisen, Kenneth},
  year = {1941},
  url = {http://link.aps.org/doi/10.1103/RevModPhys.13.240},
  doi = {10.1103/RevModPhys.13.240},
  issue = {4},
  title = {Cosmic-Ray Theory},
  publisher = {American Physical Society},
  pages = {240--309},
  journal = {Rev. Mod. Phys.}
}

@article{Kolbig:1984,
title = "A program package for the Landau distribution",
journal = "Computer Physics Communications",
volume = "31",
number = "1",
pages = "97-111",
year = "1984",
note = "",
issn = "0010-4655",
doi = "10.1016/0010-4655(84)90085-7",
url = "http://www.sciencedirect.com/science/article/pii/0010465584900857",
author = "K.S. Kölbig and B. Schorr"
}

@article{Marucho:2006,
    author = "M. Marucho and C. A. Garcia Canal and Huner Fanchiotti",
    title = "The Landau Distribution for Charged Particles Traversing Thin Films",
    journal = "Int.J.Mod.Phys.",
    volume = "C17",
    year =  2006,
    pages = "1461--1476",
}

@article{Fermi:1949,
    author = "Enrico Fermi",
    journal = "Phys. Rev.",
    volume = "75",
    pages = "1169",
    year = "1949",
}

@article{Carlson:2011,
   author = {Carlson, Per and De Angelis, Alessandro},
   affiliation = {KTH and the Oskar Klein Centre, Stockholm, Sweden},
   title = {Nationalism and internationalism in science: the case of the discovery of cosmic rays},
   journal = {The European Physical Journal H},
   publisher = {Springer Berlin / Heidelberg},
   issn = {2102-6459},
   keyword = {Physics},
   pages = {309-329},
   volume = {35},
   issue = {4},
   url = {http://dx.doi.org/10.1140/epjh/e2011-10033-6},
   doi = {10.1140/epjh/e2011-10033-6},
   year = {2011}
}

@online{Pinfold:www,
    author = "James L. Pinfold",
    url = "http://web.me.com/jamespinfold/Site/ALTA-NALTA-etc..html",
}

@online{Pinfold:2006,
    author = "James L. Pinfold",
    title = "High schools focus on the extreme universe",
    year = 2006,
    journal = "CERN Courier",
    url = "http://cerncourier.com/cws/article/cern/29604",
}

@report{NASA:1986,
    author = "{National Aeronautics and Space Administration}",
    title = "Report of the EOS data panel",
    titleaddon = "Earth Observing System, Data and Information System, Data Panel Report, Vol. IIa.",
    type = "NASA Technical Memorandum",
    number = 87777,
    year = 1986,
    month = "June",
    url = "http://hdl.handle.net/2060/19860021622",
}

@misc{Django,
    author = "{Django core team}",
    title = "Django: A Web framework for the Python programming language",
    organization = "Django Software Foundation",
    location = "Lawrence, Kansas, U.S.A.",
    url = "http://www.djangoproject.com ",
    year = "2005--",
}

@misc{OpenVPN,
    author = {{OpenVPN project}},
    title = {OpenVPN: Providing Secure Access Anywhere in the World},
    year = {2002--},
    url = {http://openvpn.net/},
}

@misc{Nagios,
    author = {Ethan Galstad and others},
    title = {Nagios: The Industry Standard in IT Infrastructure Monitoring},
    year = {1999--},
    url = {http://www.nagios.org/},
}

@misc{TightVNC,
    author = {Constantin Kaplinsky and others},
    title = {TightVNC: VNC-Compatible Free Remote Control / Remote Desktop Software},
    year = {2001--},
    url = {http://www.tightvnc.com/},
}

@manual{9107B,
    author = {{ET Enterprises, Ltd.}},
    title = {9107B series data sheet},
    year = {2010},
    url = {http://my.et-enterprises.com/pdf/9107B.pdf},
}

@manual{BC-408,
    author = {{Saint-Gobain Crystals}},
    title = {Organic Scintillation Materials (BC-408)},
    year = {2011},
    url = {http://www.detectors.saint-gobain.com/uploadedFiles/SGdetectors/Documents/Brochures/Organics-Brochure.pdf},
}

@manual{Corsika,
    author = {D. Heck and J. Knapp and J.N. Capdevielle and G. Schatz and T. Thouw},
    title = {Report FZKA 6019},
    year = {1998},
    url = {http://www-ik.fzk.de/corsika/physics_description/corsika_phys.html},
}

@article{Stokes:2011,
      author         = "Stokes, B.T. and Cady, R. and Ivanov, D. and Matthews,
                        J.N. and Thomson, G.B.",
      title          = "{Dethinning Extensive Air Shower Simulations}",
      year           = "2011",
      eprint         = "1104.3182",
      archivePrefix  = "arXiv",
      primaryClass   = "astro-ph.IM",
      SLACcitation   = "%%CITATION = ARXIV:1104.3182;%%",
}

@inproceedings{Bruijn:2009,
    author = "R. Bruijn and F. Schmidt and J. Ilee and J. Knapp",
    title = "Study of statistical thinning with fully-simulated air showers at ultra-high energies",
    booktitle = "Proceedings of the 31${\rm st}$ ICRC",
    address = "Łódź",
    year = "2009",
}

@article{Billoir:2008,
    title = "A sampling procedure to regenerate particles in a ground detector from a `thinned' air shower simulation output",
    journal = "Astroparticle Physics",
    volume = "30",
    number = "5",
    pages = "270-285",
    year = "2008",
    note = "",
    issn = "0927-6505",
    doi = "10.1016/j.astropartphys.2008.10.002",
    url = "http://www.sciencedirect.com/science/article/pii/S0927650508001394",
    author = "Pierre Billoir",
    keywords = "Cosmic rays",
    keywords = "Atmospheric showers",
    keywords = "Thinning",
    keywords = "Ground detector",
    keywords = "Sampling",
    keywords = "Regeneration",
    keywords = "Statistical fluctuations"
}

@article{Mayer:1993,
title = "A fast reconstruntion method for shower direction at large extended air shower arrays",
journal = "Nuclear Instruments and Methods in Physics Research Section A: Accelerators, Spectrometers, Detectors and Associated Equipment",
volume = "330",
number = "1--2",
pages = "254-258",
year = "1993",
note = "",
issn = "0168-9002",
doi = "10.1016/0168-9002(93)91329-L",
url = "http://www.sciencedirect.com/science/article/pii/016890029391329L",
author = "H.J. Mayer"
}

@online{Einstein:simple,
    author = "O’Toole, Garson",
    url = "http://quoteinvestigator.com/2011/05/13/einstein-simple/",
    year = 2011,
}

@report{Atlas:TDR,
    author = "{ATLAS Collaboration}",
    title = "ATLAS Detector and Physics Performance, Volume I",
    type = "Technical Design Report",
    number = 14,
    year = 1999,
    month = "May",
    url = "http://atlas.web.cern.ch/Atlas/GROUPS/PHYSICS/TDR/access.html",
}

@article{Fayad:1997,
 author = {Fayad, Mohamed and Schmidt, Douglas C.},
 title = {Object-oriented application frameworks},
 journal = {Commun. ACM},
 volume = {40},
 issue = {10},
 month = {October},
 year = {1997},
 issn = {0001-0782},
 pages = {32--38},
 numpages = {7},
 url = {http://doi.acm.org/10.1145/262793.262798},
 doi = {http://doi.acm.org/10.1145/262793.262798},
 acmid = {262798},
 publisher = {ACM},
 address = {New York, NY, USA},
}

@manual{SAPPHiRE,
    author = "Fokkema, David B. R. A.",
    title = "SAPPHiRE Documentation",
    subtitle = "A Framework for HiSPARC",
    year = 2012,
    url = "http://hisparc.github.com/sapphire",
}

@online{agile,
    title = "Agile software development",
    url = "http://en.wikipedia.org/wiki/Agile_software_development",
}

@online{agile-manifesto,
    title = "Manifesto for Agile Software Development",
    author = "Beck and Kent and others",
    year = 2001,
    url = "http://agilemanifesto.org/",
}

@article{Royce:1970,
    author = "Royce, Winston",
    title = "Managing the Development of Large Software Systems",
    journal = "Proceedings of IEEE WESCON",
    volume = 26,
    year = 1970,
    page = "1--9",
}

@online{Bazaar,
    title = "Bazaar",
    url = "http://bazaar.canonical.com/en/",
}

@online{Git,
    title = "Git, the fast version control system",
    url = "http://git-scm.com/",
}

@online{github,
    title = "Github",
    url = "http://github.com/",
}

@article{Olinto:2000,
title = "Ultra high energy cosmic rays: the theoretical challenge",
journal = "Physics Reports",
volume = "333--334",
number = "0",
pages = "329--348",
year = "2000",
issn = "0370-1573",
doi = "10.1016/S0370-1573(00)00028-4",
url = "http://www.sciencedirect.com/science/article/pii/S0370157300000284",
author = "A.V. Olinto",
keywords = "Cosmic rays",
keywords = "Ultra high energy",
keywords = "Origin",
keywords = "Acceleration"
}

@article{Combes:1997,
   author = {{Combes}, F. and {Pfenniger}, D.},
    title = "{Perspectives for detecting cold H$_2$ in outer galactic disks.}",
  journal = {Astronomy and Astrophysics},
   eprint = {arXiv:astro-ph/9707217},
 keywords = {LINE: IDENTIFICATION, DARK MATTER, GALAXIES: ISM, ISM: STRUCTURE, RADIO LINES: GALAXIES, RADIO LINES: INTERSTELLAR},
     year = 1997,
    month = nov,
   volume = 327,
    pages = {453--466},
   adsurl = {http://adsabs.harvard.edu/abs/1997A\%26A...327..453C},
  adsnote = {Provided by the SAO/NASA Astrophysics Data System}
}

@article {Han:2000,
   author = {Han, J.L.},
   affiliation = {Beijing Astronomical Observatory, CAS Jia-20 DaTun Rd., Chao Yang District Beijing 100012 China Jia-20 DaTun Rd., Chao Yang District Beijing 100012 China},
   title = {Magnetic Fields in our Galaxy: How Much Do We Know?},
   journal = {Astrophysics and Space Science},
   publisher = {Springer Netherlands},
   issn = {0004-640X},
   keyword = {Physics and Astronomy},
   pages = {181--184},
   volume = {278},
   issue = {1},
   url = {http://dx.doi.org/10.1023/A:1013102711400},
   doi = {10.1023/A:1013102711400},
   year = {2001}
}

@article{Montanus:2011,
title = "Intermediate models for longitudinal profiles of cosmic showers",
journal = "Astroparticle Physics",
volume = "35",
number = "10",
pages = "651--659",
year = "2012",
note = "",
issn = "0927-6505",
doi = "10.1016/j.astropartphys.2012.01.006",
url = "http://www.sciencedirect.com/science/article/pii/S0927650512000278",
author = "J.M.C. Montanus",
eprint         = "1106.1073",
archivePrefix  = "arXiv",
primaryClass   = "astro-ph.HE",
reportNumber   = "NIKHEF-2011-019",
keywords = "Cosmic rays",
keywords = "Showers",
keywords = "Age-parameter"
}

@article{Coppens:2009,
title = "Observation of radio signals from air showers at the Pierre Auger Observatory",
journal = "Nuclear Instruments and Methods in Physics Research Section A: Accelerators, Spectrometers, Detectors and Associated Equipment",
volume = "604",
number = "1--2, Supplement",
pages = "S41--S43",
year = "2009",
%note = "<ce:title>ARENA 2008</ce:title>",
issn = "0168-9002",
doi = "10.1016/j.nima.2009.03.119",
url = "http://www.sciencedirect.com/science/article/pii/S0168900209004732",
author = "Coppens, J.",
keywords = "Cosmic rays",
keywords = "Air shower",
keywords = "Radio detection",
keywords = "Pierre Auger Observatory"
}

@inproceedings{Smolek:2009,
    author = "Karel Smolek and Filip Blaschke and Jakub Cermák and Peter Lichard and James Pinfold and others",
    title = "ALTA/CZELTA - a sparse very large air shower array: overview of the experiment and first results",
    booktitle = "Proceedings of the 31${\rm st}$ ICRC",
    address = "Łódź",
    year = "2009",
}

@article{lee:2009,
author = {Sungman Lee and Sangsoon Park and Kwon-hae Yea and Hyungki Cha},
collaboration = {},
title = {A time-gating scintillation detector for the measurement of laser-induced fast neutrons},
publisher = {AIP},
year = {2009},
journal = {Review of Scientific Instruments},
volume = {80},
number = {6},
eid = {063303},
numpages = {5},
pages = {063303},
keywords = {laser beam effects; neutron detection; photomultipliers; solid scintillation detectors},
url = {http://link.aip.org/link/?RSI/80/063303/1},
doi = {10.1063/1.3152212}
}

@online{ESTAR,
    author = {{National Institute of Standards and Technology}},
    title = "ESTAR",
    subtitle = "Stopping-Power and Range Tables for Electrons",
    url = "http://physics.nist.gov/PhysRefData/Star/Text/ESTAR.html",
}

@online{AtomicNuclearProperties,
    author = "{Particle Data Group}",
    title = "Atomic and Nuclear Properties of Materials",
    url = "http://pdg.lbl.gov/2011/AtomicNuclearProperties/",
}

@article{pdg-review:2010,
  author={K Nakamura and others},
  organization={Particle Data Group},
  title={Review of Particle Physics},
  journal={Journal of Physics G: Nuclear and Particle Physics},
  volume={37},
  %number={7A},
  pages={075021},
  url={http://stacks.iop.org/0954-3899/37/i=7A/a=075021},
  year={2010},
  abstract={This biennial Review summarizes much of particle physics. Using data from previous editions, plus 2158 new measurements from 551 papers, we list, evaluate, and average measured properties of gauge bosons, leptons, quarks, mesons, and baryons. We also summarize searches for hypothetical particles such as Higgs bosons, heavy neutrinos, and supersymmetric particles. All the particle properties and search limits are listed in Summary Tables. We also give numerous tables, figures, formulae, and reviews of topics such as the Standard Model, particle detectors, probability, and statistics. Among the 108 reviews are many that are new or heavily revised including those on neutrino mass, mixing, and oscillations, QCD, top quark, CKM quark-mixing matrix, V ud & V us , V cb & V ub , fragmentation functions, particle detectors for accelerator and non-accelerator physics, magnetic monopoles, cosmological parameters, and big bang cosmology. A booklet is available containing the Summary Tables and abbreviated versions of some of the other sections of this full Review . All tables, listings, and reviews (and errata) are also available on the Particle Data Group website: pdg.lbl.gov [http://pdg.lbl.gov] .}
}

@article{Landau:1944,
      author         = "Landau, L.",
      title          = "{On the energy loss of fast particles by ionization}",
      journal        = "J. Exp. Phys. (USSR)",
      volume         = "8",
      pages          = "201--205",
      year           = "1944",
      SLACcitation   = "%%CITATION = JOPYA,8,201;%%",
}

@book{Leo:1994,
    author = "William R. Leo",
    title = "Techniques for nuclear and particle physics experiments",
    subtitle = "A how-to approach",
    year = 1994,
    publisher = "Springer",
    %url = "http://books.google.nl/books?id=XRijGAAACAAJ",
}

@article{Hillas:1997,
title = "Shower simulation: lessons from MOCCA",
journal = "Nuclear Physics B - Proceedings Supplements",
volume = "52",
number = "3",
pages = "29 -- 42",
year = "1997",
note = "",
issn = "0920-5632",
doi = "10.1016/S0920-5632(96)00847-X",
url = "http://www.sciencedirect.com/science/article/pii/S092056329600847X",
author = "A.M. Hillas"
}

@INPROCEEDINGS{Hillas:1981,
   author = {{Hillas}, A.~M.},
    title = "{Two interesting techniques for Monte-Carlo simulation of very high energy hadron cascades}",
 keywords = {COSMIC RAY SHOWERS, ELEMENTARY PARTICLE INTERACTIONS, HADRONS, HIGH ENERGY INTERACTIONS, MONTE CARLO METHOD, PIONS, ENERGY SPECTRA, NUCLEON-NUCLEON INTERACTIONS, PRIMARY COSMIC RAYS},
booktitle = {International Cosmic Ray Conference},
     year = 1981,
   series = {International Cosmic Ray Conference},
   volume = 8,
    pages = {193-196},
   adsurl = {http://adsabs.harvard.edu/abs/1981ICRC....8..193H},
  adsnote = {Provided by the SAO/NASA Astrophysics Data System}
}

@article{Flakus:1981,
    title={Detecting and Measuring Ionizing Radiation -- a Short History},
    author={Flakus, F.N.},
    year=1981,
    volume=23,
    issue=4,
    journal={IAEA Bulletin},
    publisher={International Atomic Energy Agency, Vienna},
}

@article{deCoulomb:1785,
    author={Charles Augustin {de Coulomb}},
    title={Troisième mémoire sur l’Electricité et le Magnétisme},
    journal={Histoire de l’Académie Royale des Sciences},
    year=1785,
    pages={612--638},
}

@article{Faraday:1835,
    author={Michael Faraday},
    journal={Experimental Researches in Electricity},
    volume=2,
    year=1844,
}

@article{Crookes:1879,
    author={William Crookes},
    title={On Electrical Insulation in High Vacua},
    journal={Proc. Roy. Soc. of London},
    year=1879,
    volume=28,
    pages={347--352},
}

@article{Roentgen:1895,
    author={Röntgen, W.C.},
    title={Über eine Art von Strahlen},
    journal={Sitzungsberichten der Würzburger Physik-medic. Gesellschaft},
    year=1895,
    pages=132
}

@article{Becquerel:1896,
    author={Becquerel, H.},
    year=1896,
    title={Emission de radiations nouvelles par l’uranium metalique},
    journal={Comptes Rendus de l'Acad. des Sciences},
    volume=122,
    pages=1086,
}

@article{VCV-catalog,
        author = {{M.-P. V\'eron-Cetty} and {P. V\'eron}},
        encoding = {tex},
        title = {A catalogue of quasars and active nuclei: 12th edition},
        DOI= "10.1051/0004-6361:20065177",
        url= "http://dx.doi.org/10.1051/0004-6361:20065177",
        journal = {A\&A},
        year = 2006,
        volume = 455,
        number = 2,
        pages = "773--777",
        month = "",
}

@article{RutherfordCooke:1903,
    author={Ernest Rutherford and Henry L. Cooke},
    title={A penetrating radiation from the Earth’s surface. Minutes of the Eighteenth Meeting of the American Physical Society},
    journal={Phys. Rev.},
    volume=16,
    year=1903,
    pages=183,
}

@article{McLennanBurton:1903,
    author={John C. McLennan and F. Burton},
    title={Some experiments on the electrical conductivity of atmospheric air. Minutes of the Eighteenth Meeting of the American Physical Society},
    journal={Phys. Rev.},
    volume=16,
    year=1903,
    pages={184--192},
}

@article{Kurz:1909,
    author={Karl Kurz},
    title={The radioactive materials of the earth and air as the origin of the invasive radiation in the atmosphere},
    journal={Phys. Zeit.},
    volume=10,
    year=1909,
    pages={834--845},
}

@article{Wulf:1909,
    author={Theodor Wulf},
    title={On the radiation of high penetrating power that exists in the atmosphere},
    journal={Phys. Zeit},
    volume=1,
    year=1909,
    pages={152--157},
}

@article{Pacini:1912,
    author={Domenico Pacini},
    title={La radiazione penetrante alla superficie ed in seno alle acque},
    journal={Nuovo Cim.},
    volume={VI/3},
    year={1912},
    pages=93,
    %translator={Alessandro De Angelis},
    % Penetrat- ing radiation at the surface of and in water.,
    eprint={1002.1810},
    eprinttype={arxiv},
    eprintclass={physics.hist-ph},
}

@article{Gockel:1910,
    author={Albert Gockel},
    title={Air electrical observations in a balloon journey},
    journal={Phys. Zeit.},
    volume=11,
    year={1910},
    pages={280--282},
}

@article{Eve:1911,
    author={Arthur S. Eve},
    title={On the ionization of the atmosphere due to radioactive matter},
    journal={Phil. Mag.},
    volume=21,
    year=1911,
    pages={26--40},
}

@article{Hess:1911,
    author={Victor F. Hess},
    title={On the absorption of gamma-radiation in the atmosphere},
    journal={Phys. Zeit.},
    volume=12,
    year=1911,
    pages={998--1001},
}

@article{Hess:1912,
    author={Victor F. Hess},
    title={Observations in low level radiation during seven free balloon flights},
    journal={Phys. Zeit.},
    volume=13,
    year=1912,
    pages={1084--1091},
}

@article{Hess:1913,
    author={Victor F. Hess},
    title={The origins of penetrating radiation},
    journal={Phys. Zeit},
    volume=14,
    year=1913,
    pages={6120-617},
}

@article{Kolhorster:1913,
    author={Werner Kolhörster},
    title={Measurements of the penetrating radiation in the free balloon at high altitudes},
    journal={Phys. Zeit.},
    volume=14,
    year=1913,
    pages={1153--1156},
}

@article{MillikanBowen:1923,
    author={Robert A. Millikan and Ira S. Bowen},
    title={Penetrating radiation at high altitudes. Minutes of the Pasadena Meeting, May 5, 1923},
    journal={Phys. Rev.},
    volume=22,
    year={1923},
    pages=198,
}

@article{MillikanCameron:1926,
    author={Robert A. Millikan and G. Harvey Cameron},
    title={High frequency rays of cosmic origin III. Measurements in snow-fed lakes at high altitudes},
    journal={Phys. Rev.},
    volume=28,
    year=1926,
    pages={851--868},
}

@article{Clay:1927,
    author={Jacob Clay},
    title={Penetrating radiation},
    journal={Acad. Amsterdam Proc.},
    volume=30,
    year=1927,
    pages={1115--1127},
}

@article{Clay:1928,
    author={Jacob Clay},
    title={Penetrating radiation II},
    journal={Acad. Amsterdam Proc.},
    volume=31,
    year=1928,
    pages={1091--1097},
}

@article{BotheKolhorster:1929,
    author={Walther Bothe and Werner Kolhörster},
    title={Das Wesen des Höhenstrahlung},
    journal={Zeit. f. Phys.},
    volume=56,
    year=1929,
    pages={751--777},
}

@article{Compton:1933,
    author={Arthur H. Compton},
    title={A geographic study of cosmic-rays},
    journal={Phys. Rev.},
    volume=43,
    year=1933,
    pages={387--403},
}

@article{Auger:1939,
  publisher = {American Physical Society},
  author = {Auger, Pierre and Ehrenfest, P. and Maze, R. and Daudin, J. and Fr\'eon, Robley A.},
  month = {Jul},
  url = {http://link.aps.org/doi/10.1103/RevModPhys.11.288},
  year = {1939},
  pages = {288--291},
  title = {Extensive Cosmic-Ray Showers},
  volume = {11},
  journal = {Rev. Mod. Phys.},
  doi = {10.1103/RevModPhys.11.288},
  issue = {3-4}
}

@book{Rao:1998,
    title={Extensive Air Showers},
    author={M. V. S. Rao and Badanaval Venkata Sreekantan},
    year=1998,
}

@article{Amenomori:2008,
  author={M. Amenomori and X. J. Bi and D. Chen and S. W. Cui and
          Danzengluobu and L. K. Ding and X. H. Ding and C. Fan and C. F.
          Feng and Zhaoyang Feng and Z. Y. Feng and X. Y. Gao and Q. X.
          Geng and H. W. Guo and H. H. He and M. He and K. Hibino and N.
          Hotta and Haibing Hu and H. B. Hu and J. Huang and Q. Huang and
          H. Y. Jia and F.  Kajino and K. Kasahara and Y. Katayose and C.
          Kato and K.  Kawata and  Labaciren and G. M. Le and A. F. Li and
          J. Y. Li and Y.-Q. Lou and H . Lu and S. L. Lu and X. R. Meng
          and K. Mizutani and J.  Mu and K. Munakata and A. Nagai and H.
          Nanjo and M. Nishizawa and M. Ohnishi and I. Ohta and H. Onuma
          and T. Ouchi and S. Ozawa and J. R.  Ren and T. Saito and T. Y.
          Saito and M. Sakata and T. K. Sako and M. Shibata and A. Shiomi
          and T. Shirai and H. Sugimoto and M.  Takita and Y. H. Tan and
          N. Tateyama and S. Torii and H. Tsuchiya and S. Udo and B. Wang
          and H. Wang and X. Wang and Y. Wang and Y. G.  Wang and H. R. Wu
          and L. Xue and Y. Yamamoto and C. T. Yan and X. C. Yang and S.
          Yasue and Z. H. Ye and G. C. Yu and A. F. Yuan and T.  Yuda and
          H. M. Zhang and J. L. Zhang and N. J. Zhang and X. Y. Zhang and
          Y. Zhang and Yi Zhang and  Zhaxisangzhu and X. X. Zhou and The
          Tibet ASγ Collaboration},
  title={New Estimation of the Spectral Index of High-Energy Cosmic Rays
         as Determined by the Compton-Getting Anisotropy},
  journal={The Astrophysical Journal Letters},
  volume={672},
  number={1},
  pages={L53},
  url={http://stacks.iop.org/1538-4357/672/i=1/a=L53},
  year={2008},
}

@article{Pythia:1987,
  title = {A multiple-interaction model for the event structure in hadron collisions},
  author = {Sj\"ostrand, Torbj\"orn and van Zijl, Maria},
  journal = {Phys. Rev. D},
  volume = {36},
  issue = {7},
  pages = {2019--2041},
  year = {1987},
  month = {Oct},
  doi = {10.1103/PhysRevD.36.2019},
  url = {http://link.aps.org/doi/10.1103/PhysRevD.36.2019},
  publisher = {American Physical Society}
}

@article{Cirigliano:2012,
  title = {Kaon decays in the standard model},
  author = {Cirigliano, Vincenzo and Ecker, Gerhard and Neufeld, Helmut and Pich, Antonio and Portol\'es, Jorge},
  journal = {Rev. Mod. Phys.},
  volume = {84},
  issue = {1},
  pages = {399--447},
  year = {2012},
  month = {Mar},
  doi = {10.1103/RevModPhys.84.399},
  url = {http://link.aps.org/doi/10.1103/RevModPhys.84.399},
  publisher = {American Physical Society}
}

@report{NAHSA:2001,
    title = {NAHSA: Nijmegen Area High School Array},
    author = {C. Timmermans and J. Schotanus and S. de Jong and J. Kuijpers},
    year = 2001,
    institution = {Katholieke Universiteit Nijmegen, Afdeling Experimentele Hoge Energie Fysica},
    url = {http://www.hef.ru.nl/~timmer/nahsa/doc/project.ps},
}

@unpublished{SEASA:2002,
    title = {SEASA: The Stockholm Educational Air Shower Array},
    author = {Mark Pearce},
    year = 2002,
    institution = {Royal Institute of Technology (KTH), School of Engineering Sciences},
    url = {http://www.particle.kth.se/SEASA/project.pdf},
}

@online{trimble,
    title = {Resolution T GPS Timing Receiver},
    author = {Trimble},
    url = {http://trl.trimble.com/docushare/dsweb/Get/Document-550777/},
}

@online{labview,
    title = {LabVIEW System Design Software},
    author = {{National Instruments}},
    url = {http://www.ni.com/labview/},
}

@collection{LIO:2009,
    editor = "Bob van Eijk",
    title = "FOM verslag LIO's 2008 -- 2009",
    publisher = "FOM",
    year = "2009",
    url = "http://www.hisparc.nl/fileadmin/HiSPARC/documenten/Leraar_in_Onderzoek/HiSPARC_LIO_document_151009.pdf",
}

@collection{LIO:2010,
    editor = "Bob van Eijk",
    title = "FOM verslag LIO's 2009 -- 2010",
    publisher = "FOM",
    year = "2010",
    url = "http://www.hisparc.nl/fileadmin/HiSPARC/documenten/Leraar_in_Onderzoek/HiSPARC_LiO_document_071210.pdf",
}

@collection{LIO:2011,
    editor = "Bob van Eijk",
    title = "FOM verslag LIO's 2010 -- 2011",
    publisher = "FOM",
    year = "2011",
    url = "http://www.hisparc.nl/fileadmin/HiSPARC/documenten/Leraar_in_Onderzoek/HiSPARC_LiO_document_271011.pdf",
}

@book{Heitler:1954,
  title={The Quantum Theory of Radiation},
  author={Heitler, W.},
  isbn={9780486645582},
  lccn={83005201},
  series={International series of monographs on physics},
  %url={http://books.google.nl/books?id=L7w7UpecbKYC},
  year={1954},
  publisher={Dover Publications}
}

@online{HiSPARC:2002,
    url={http://www.nikhef.nl/~henkjan/HISPARC.html},
}

@online{NiNa-module,
    title={Domein E3. Kern- en deeltjesprocessen},
    editor={{Nieuwe Natuurkunde}},
    url={http://www.nieuwenatuurkunde.nl/disclaimer/28},
}

@online{NLT-module,
    title={Kosmische straling},
    editor={{Natuur, Leven en Technologie}},
    url={http://betavak-nlt.nl/les/modules_v/gecertificeerd/Kosmische_straling/},
}

@online{RouteNet,
    title={RouteNet},
    author={Niek Schultheiss and Koos Kortland},
    url={http://www.hisparc.nl/docent-student/lesmateriaal/routenet-lesbrieven/},
}

@incollection{Buisman:2011,
    author = "Henk Buisman",
    title = "HiSPARC: lichtopbrengst en omgevingstemperatuur",
    booktitle = "FOM verslag LIO's 2010 -- 2011",
    publisher = "FOM",
    year = "2011",
}

@misc{Haungs:2012-data,
    author = "Andreas Haungs",
    howpublished = "Private communication",
    month = "Jan",
    year = "2012",
}

@article{latpaper:2005,
title = "Comparison of measured and simulated lateral distributions for electrons and muons with KASCADE",
journal = "Astroparticle Physics",
volume = "24",
number = "6",
pages = "467-483",
year = "2006",
note = "",
issn = "0927-6505",
doi = "10.1016/j.astropartphys.2005.10.001",
url = "http://www.sciencedirect.com/science/article/pii/S0927650505001441",
author = "W.D. Apel and A.F. Badea and K. Bekk and A. Bercuci and J. BlÃ¼mer and H. Bozdog and I.M. Brancus and A. Chilingarian and K. Daumiller and P. Doll and R. Engel and J. Engler and H.J. Gils and R. Glasstetter and A. Haungs and D. Heck and J.R. HÃ¶randel and K.-H. Kampert and H.O. Klages and G. Maier and H.J. Mathes and H.J. Mayer and J. Milke and M. MÃ¼ller and R. Obenland and J. OehlschlÃ¤ger and S. Ostapchenko and M. Petcu and H. Rebel and A. Risse and M. Risse and M. Roth and G. Schatz and H. Schieler and H. Ulrich and J. van Buren and A. Vardanyan and A. Weindl and J. Wochele and J. Zabierowski"
}

@incollection{Bosboom:2012,
    author = "Niels Bosboom",
    title = "In preparation",
    booktitle = "FOM verslag LIO's 2011 -- 2012",
    publisher = "FOM",
    year = "2012",
}

@incollection{Montanus:2010,
    author = "Hans Montanus",
    title = "De detectie van kosmische straling",
    booktitle = "FOM verslag LIO's 2009--2010",
    publisher = "FOM",
    year = "2010",
    pages = "45--58",
}

@unpublished{Steijger:2012-energy,
    author = "Jos Steijger",
    title = "Energy reconstruction in HiSPARC",
    howpublished = "HiSPARC Internal note",
    year = "2012",
    month = "Apr",
}

@online{FLARE,
    author = "{Molecular and Biophysics group, Radboud University}",
    title = "FLARE --- Free-electron Laser for Advanced spectroscopy and high-Resolution Experiments",
    url = "http://www.ru.nl/flare/",
}
